@book{BollaKramli,
	author = {Bolla, Marianna and Krámli, András}, huname=1,
	title = {Statisztikai következtetések elmélete},
	publisher = {Typotex},
	address = {Budapest},
	year = {2012},
}
@techreport{PapSzucs,
	author = {Pap, Gyula and Szűcs, Gábor}, huname = 1,
	title = {Sztochasztikus folyamatok},
	institution = {SZTE, Bolyai Intézet, Sztochasztika Tanszék},
	year = {2014},
	type = {Jegyzet},
}
@book{Moricz1997,
	author = {Móricz, Ferenc}, huname=1,
	title = {Numerikus módszerek az algebrában és az analízisben},
	publisher = {Polygon},
	address = {Szeged},
	year = {1997},
}
@book{Moricz2008,
	author = {Móricz, Ferenc}, huname=1,
	title = {Bevezetés a numerikus matematikába},
	publisher = {Polygon},
	address = {Szeged},
	year = {2008},
}
@book{Santalo,
	author = {Santaló, Luis A.},
	title = {Integral Geometry and Geometric Probability},
	publisher = {Addison-Wesley},
	address = {Reading},
	year = {1976},
}
@book{Czedli,
	author = {Czédli, Gábor}, huname=1,
	title = {Boole-függvények},
	publisher = {Polygon},
	address = {Szeged},
	year = {2009},
}
@techreport{Zadori,
	author = {Skublics, Benedek}, huname=1,
	title = {Algoritmuselmélet -- Jegyzet {Z}ádori {L}ászló előadásához},
	institution = {SZTE, Bolyai Intézet},
	year = {2011},
	type = {Jegyzet},
}
@book{Thomas,
	author = {Thomas{,} Jr., George B.},
	title = {Thomas-féle kalkulus -- III.~kötet},
	publisher = {Typotex},
	address = {Budapest},
	year = {2007},
}
@techreport{SzTNZ,
	author = {Németh, Zoltán and Szabó, Tamás}, huname=1,
	title = {Jegyzet az Alkalmazott analízis c. tárgyhoz},
	institution = {SZTE, Bolyai Intézet},
	year = {2013},
	type = {Jegyzet},
}
@misc{Szucs,
	author = {Benke, János and Szűcs, Gábor}, huname=1,
	title = {Sztochasztikus folyamatok},
	school = {SZTE, Bolyai Intézet},
	year = {2016},
	url = {http://www.math.u-szeged.hu/~szucsg/oktatas/sztochfoly_slides.pdf},
}
@misc{DiMat,
	author = {Hajnal, Péter}, huname=1,
	title = {Diszkrét matematika},
	year = {2013},
	url = {http://www.math.u-szeged.hu/~hajnal/courses/MSc_Diszkret/MSc_kombi13/main.htm},
}
@techreport{Makay,
	author = {Makay, Géza}, huname=1,
	title = {Jegyzet a Dinamikus rendszerek c. tárgyhoz},
	institution = {SZTE, Bolyai Intézet},
	type = {Jegyzet},
}
@book{DE,
	author = {Hirsch, Morris W. and Smale, Stephen and Devaney, Robert L.},
	title = {Differential Equations, Dynamical Systems and an Introduction to Chaos},
	publisher = {Elsevier},
	address = {San Diego},
	year = {2004},
}
@misc{Bonya,
	author = {Hajnal, Péter}, huname=1,
	title = {Algoritmusok és bonyolultságelmélet},
	year = {2015},
	url = {http://www.math.u-szeged.hu/~hajnal/courses/MSc_Bonyolultsag/main.htm},
}
